<record><leader>00000cas a22000007a 4500</leader><controlfield tag="001">27303142</controlfield><controlfield tag="008">930121c19499999okudn ne      0    0eng d</controlfield><datafield ind1=" " ind2=" " tag="010"><subfield code="a">sn 96087501 </subfield></datafield><datafield ind1=" " ind2=" " tag="040"><subfield code="a">OKN</subfield><subfield code="b">eng</subfield><subfield code="c">OKN</subfield><subfield code="d">OBN</subfield><subfield code="d">OCLCQ</subfield><subfield code="d">OCLCF</subfield><subfield code="d">OCLCO</subfield></datafield><datafield ind1="1" ind2=" " tag="029"><subfield code="a">AU@</subfield><subfield code="b">000023244397</subfield></datafield><datafield ind1=" " ind2=" " tag="042"><subfield code="a">msc</subfield></datafield><datafield ind1=" " ind2=" " tag="043"><subfield code="a">n-us-ok</subfield></datafield><datafield ind1="0" ind2="0" tag="245"><subfield code="a">Sapulpa daily herald.</subfield></datafield><datafield ind1="3" ind2=" " tag="246"><subfield code="a">Sapulpa herald</subfield></datafield><datafield ind1="3" ind2=" " tag="246"><subfield code="a">Sapulpa Sunday herald</subfield></datafield><datafield ind1=" " ind2=" " tag="260"><subfield code="a">Sapulpa, Okla. :</subfield><subfield code="b">R.P. Matthews</subfield></datafield><datafield ind1=" " ind2=" " tag="300"><subfield code="a">v.</subfield></datafield><datafield ind1=" " ind2=" " tag="310"><subfield code="a">Daily (except Sun.)</subfield></datafield><datafield ind1="0" ind2=" " tag="362"><subfield code="a">Vol. 33, no. 194 (Apr. 17, 1949)-</subfield></datafield><datafield ind1=" " ind2=" " tag="500"><subfield code="a">On Sundays published as: Sapulpa Sunday Herald, Apr. 17, 1949-Dec. 28,1958.</subfield></datafield><datafield ind1=" " ind2=" " tag="500"><subfield code="a">Published as: Sapulpa Herald, Nov. 6, 1966-Oct. 12, 1967.</subfield></datafield><datafield ind1=" " ind2="0" tag="651"><subfield code="a">Sapulpa (Okla.)</subfield><subfield code="v">Newspapers.</subfield></datafield><datafield ind1=" " ind2="0" tag="651"><subfield code="a">Creek County (Okla.)</subfield><subfield code="v">Newspapers.</subfield></datafield><datafield ind1=" " ind2="7" tag="655"><subfield code="a">Newspapers.</subfield><subfield code="2">fast</subfield><subfield code="0">(OCoLC)fst01423814</subfield></datafield><datafield ind1=" " ind2="7" tag="651"><subfield code="a">Oklahoma</subfield><subfield code="z">Creek County.</subfield><subfield code="2">fast</subfield><subfield code="0">(OCoLC)fst01221598</subfield></datafield><datafield ind1=" " ind2="7" tag="651"><subfield code="a">Oklahoma</subfield><subfield code="z">Sapulpa.</subfield><subfield code="2">fast</subfield><subfield code="0">(OCoLC)fst01220630</subfield></datafield><datafield ind1=" " ind2=" " tag="752"><subfield code="a">United States</subfield><subfield code="b">Oklahoma</subfield><subfield code="c">Creek</subfield><subfield code="d">Sapulpa.</subfield></datafield><datafield ind1="0" ind2="0" tag="780"><subfield code="t">Sapulpa herald</subfield><subfield code="w">(DLC)sn 95087500</subfield><subfield code="w">(OCoLC)34179525</subfield></datafield></record>